<record><leader>00000cas a2200000 a 4500</leader><controlfield tag="001">7076279</controlfield><controlfield tag="008">810122c19819999mnuwr ne      0   a0eng d</controlfield><datafield ind1=" " ind2=" " tag="010"><subfield code="a">sn 81000213 </subfield></datafield><datafield ind1=" " ind2=" " tag="040"><subfield code="a">NSD</subfield><subfield code="b">eng</subfield><subfield code="c">NSD</subfield><subfield code="d">MN#</subfield><subfield code="d">OCL</subfield><subfield code="d">OCLCQ</subfield><subfield code="d">OCLCF</subfield><subfield code="d">OCLCO</subfield></datafield><datafield ind1=" " ind2=" " tag="012"><subfield code="k">1</subfield><subfield code="l">1</subfield><subfield code="m">1</subfield></datafield><datafield ind1="1" ind2=" " tag="022"><subfield code="a">0273-5482</subfield><subfield code="l">0273-5482</subfield><subfield code="2">1</subfield></datafield><datafield ind1="1" ind2=" " tag="029"><subfield code="a">AU@</subfield><subfield code="b">000025815316</subfield></datafield><datafield ind1=" " ind2=" " tag="032"><subfield code="a">242340</subfield><subfield code="b">USPS</subfield></datafield><datafield ind1=" " ind2=" " tag="042"><subfield code="a">nsdp</subfield></datafield><datafield ind1=" " ind2=" " tag="043"><subfield code="a">n-us-mn</subfield></datafield><datafield ind1=" " ind2=" " tag="052"><subfield code="a">4144</subfield><subfield code="b">H58</subfield></datafield><datafield ind1=" " ind2=" " tag="052"><subfield code="a">4143</subfield><subfield code="b">J2</subfield></datafield><datafield ind1="0" ind2=" " tag="130"><subfield code="a">Tri-county news (Heron Lake, Minn.)</subfield></datafield><datafield ind1=" " ind2="4" tag="222"><subfield code="a">The Tri-county news</subfield><subfield code="b">(Heron Lake, Minn.)</subfield></datafield><datafield ind1="0" ind2="4" tag="245"><subfield code="a">The Tri-county news.</subfield></datafield><datafield ind1="3" ind2="0" tag="246"><subfield code="a">Tri county news</subfield></datafield><datafield ind1=" " ind2=" " tag="260"><subfield code="a">Heron Lake, Minn. :</subfield><subfield code="b">[s.n.],</subfield><subfield code="c">1981-</subfield></datafield><datafield ind1=" " ind2=" " tag="300"><subfield code="a">v.</subfield></datafield><datafield ind1=" " ind2=" " tag="310"><subfield code="a">Weekly</subfield></datafield><datafield ind1="0" ind2=" " tag="362"><subfield code="a">Vol. 1, no. 1 (Jan. 7, 1981)-</subfield></datafield><datafield ind1=" " ind2=" " tag="530"><subfield code="a">Available on microfilm from the Minnesota Historical Society.</subfield></datafield><datafield ind1=" " ind2="0" tag="651"><subfield code="a">Heron Lake (Minn.)</subfield><subfield code="v">Newspapers.</subfield></datafield><datafield ind1=" " ind2="7" tag="655"><subfield code="a">Newspapers.</subfield><subfield code="2">fast</subfield><subfield code="0">(OCoLC)fst01423814</subfield></datafield><datafield ind1=" " ind2="7" tag="651"><subfield code="a">Minnesota</subfield><subfield code="z">Heron Lake.</subfield><subfield code="2">fast</subfield><subfield code="0">(OCoLC)fst01872787</subfield></datafield><datafield ind1=" " ind2=" " tag="752"><subfield code="a">United States</subfield><subfield code="b">Minnesota</subfield><subfield code="c">Jackson</subfield><subfield code="d">Heron Lake.</subfield></datafield><datafield ind1="0" ind2="4" tag="780"><subfield code="t">Heron Lake news</subfield><subfield code="w">(DLC)sn 89064912</subfield></datafield><datafield ind1="0" ind2="4" tag="780"><subfield code="t">Brewster tribune</subfield><subfield code="w">(DLC)sn 1537065</subfield></datafield><datafield ind1=" " ind2=" " tag="936"><subfield code="a">Jan. 7, 1981</subfield></datafield></record>